%YAML 1.1
%TAG !u! tag:unity3d.com,2011:
--- !u!114 &-8081841152722285272
MonoBehaviour:
  m_ObjectHideFlags: 1
  m_CorrespondingSourceObject: {fileID: 0}
  m_PrefabInstance: {fileID: 0}
  m_PrefabAsset: {fileID: 0}
  m_GameObject: {fileID: 0}
  m_Enabled: 1
  m_EditorHideFlags: 0
  m_Script: {fileID: 11500000, guid: 05acc715f855ced458d76ee6f8ac6c61, type: 3}
  m_Name: Cinemachine Track
  m_EditorClassIdentifier: 
  m_Version: 3
  m_AnimClip: {fileID: 0}
  m_Locked: 0
  m_Muted: 0
  m_CustomPlayableFullTypename: 
  m_Curves: {fileID: 0}
  m_Parent: {fileID: 11400000}
  m_Children: []
  m_Clips:
  - m_Version: 1
    m_Start: 0
    m_ClipIn: 0
    m_Asset: {fileID: -3725974891800607428}
    m_Duration: 1.25
    m_TimeScale: 1
    m_ParentTrack: {fileID: -8081841152722285272}
    m_EaseInDuration: 0
    m_EaseOutDuration: 0
    m_BlendInDuration: -1
    m_BlendOutDuration: -1
    m_MixInCurve:
      serializedVersion: 2
      m_Curve:
      - serializedVersion: 3
        time: 0
        value: 0
        inSlope: 0
        outSlope: 0
        tangentMode: 0
        weightedMode: 0
        inWeight: 0
        outWeight: 0
      - serializedVersion: 3
        time: 1
        value: 1
        inSlope: 0
        outSlope: 0
        tangentMode: 0
        weightedMode: 0
        inWeight: 0
        outWeight: 0
      m_PreInfinity: 2
      m_PostInfinity: 2
      m_RotationOrder: 4
    m_MixOutCurve:
      serializedVersion: 2
      m_Curve:
      - serializedVersion: 3
        time: 0
        value: 1
        inSlope: 0
        outSlope: 0
        tangentMode: 0
        weightedMode: 0
        inWeight: 0
        outWeight: 0
      - serializedVersion: 3
        time: 1
        value: 0
        inSlope: 0
        outSlope: 0
        tangentMode: 0
        weightedMode: 0
        inWeight: 0
        outWeight: 0
      m_PreInfinity: 2
      m_PostInfinity: 2
      m_RotationOrder: 4
    m_BlendInCurveMode: 0
    m_BlendOutCurveMode: 0
    m_ExposedParameterNames: []
    m_AnimationCurves: {fileID: 0}
    m_Recordable: 0
    m_PostExtrapolationMode: 0
    m_PreExtrapolationMode: 0
    m_PostExtrapolationTime: 0
    m_PreExtrapolationTime: 0
    m_DisplayName: Rosto
  - m_Version: 1
    m_Start: 1.25
    m_ClipIn: 0
    m_Asset: {fileID: -4481650358716062977}
    m_Duration: 1.4666666666666668
    m_TimeScale: 1
    m_ParentTrack: {fileID: -8081841152722285272}
    m_EaseInDuration: 0
    m_EaseOutDuration: 0
    m_BlendInDuration: -1
    m_BlendOutDuration: -1
    m_MixInCurve:
      serializedVersion: 2
      m_Curve:
      - serializedVersion: 3
        time: 0
        value: 0
        inSlope: 0
        outSlope: 0
        tangentMode: 0
        weightedMode: 0
        inWeight: 0
        outWeight: 0
      - serializedVersion: 3
        time: 1
        value: 1
        inSlope: 0
        outSlope: 0
        tangentMode: 0
        weightedMode: 0
        inWeight: 0
        outWeight: 0
      m_PreInfinity: 2
      m_PostInfinity: 2
      m_RotationOrder: 4
    m_MixOutCurve:
      serializedVersion: 2
      m_Curve:
      - serializedVersion: 3
        time: 0
        value: 1
        inSlope: 0
        outSlope: 0
        tangentMode: 0
        weightedMode: 0
        inWeight: 0
        outWeight: 0
      - serializedVersion: 3
        time: 1
        value: 0
        inSlope: 0
        outSlope: 0
        tangentMode: 0
        weightedMode: 0
        inWeight: 0
        outWeight: 0
      m_PreInfinity: 2
      m_PostInfinity: 2
      m_RotationOrder: 4
    m_BlendInCurveMode: 0
    m_BlendOutCurveMode: 0
    m_ExposedParameterNames: []
    m_AnimationCurves: {fileID: 0}
    m_Recordable: 0
    m_PostExtrapolationMode: 0
    m_PreExtrapolationMode: 0
    m_PostExtrapolationTime: 0
    m_PreExtrapolationTime: 0
    m_DisplayName: "Bagun\xE7a"
  - m_Version: 1
    m_Start: 4
    m_ClipIn: 0
    m_Asset: {fileID: 6749573710111684967}
    m_Duration: 4.516666666666654
    m_TimeScale: 1
    m_ParentTrack: {fileID: -8081841152722285272}
    m_EaseInDuration: 0
    m_EaseOutDuration: 0
    m_BlendInDuration: -1
    m_BlendOutDuration: -1
    m_MixInCurve:
      serializedVersion: 2
      m_Curve: []
      m_PreInfinity: 2
      m_PostInfinity: 2
      m_RotationOrder: 4
    m_MixOutCurve:
      serializedVersion: 2
      m_Curve:
      - serializedVersion: 3
        time: 0
        value: 1
        inSlope: 0
        outSlope: 0
        tangentMode: 0
        weightedMode: 0
        inWeight: 0
        outWeight: 0
      - serializedVersion: 3
        time: 1
        value: 0
        inSlope: 0
        outSlope: 0
        tangentMode: 0
        weightedMode: 0
        inWeight: 0
        outWeight: 0
      m_PreInfinity: 2
      m_PostInfinity: 2
      m_RotationOrder: 4
    m_BlendInCurveMode: 0
    m_BlendOutCurveMode: 0
    m_ExposedParameterNames: []
    m_AnimationCurves: {fileID: 0}
    m_Recordable: 0
    m_PostExtrapolationMode: 0
    m_PreExtrapolationMode: 0
    m_PostExtrapolationTime: 0
    m_PreExtrapolationTime: 0
    m_DisplayName: Rosto
  - m_Version: 1
    m_Start: 2.716666666666667
    m_ClipIn: 0
    m_Asset: {fileID: -1106733762440767261}
    m_Duration: 1.2833333333333332
    m_TimeScale: 1
    m_ParentTrack: {fileID: -8081841152722285272}
    m_EaseInDuration: 0
    m_EaseOutDuration: 0
    m_BlendInDuration: -1
    m_BlendOutDuration: -1
    m_MixInCurve:
      serializedVersion: 2
      m_Curve:
      - serializedVersion: 3
        time: 0
        value: 0
        inSlope: 0
        outSlope: 0
        tangentMode: 0
        weightedMode: 0
        inWeight: 0
        outWeight: 0
      - serializedVersion: 3
        time: 1
        value: 1
        inSlope: 0
        outSlope: 0
        tangentMode: 0
        weightedMode: 0
        inWeight: 0
        outWeight: 0
      m_PreInfinity: 2
      m_PostInfinity: 2
      m_RotationOrder: 4
    m_MixOutCurve:
      serializedVersion: 2
      m_Curve: []
      m_PreInfinity: 2
      m_PostInfinity: 2
      m_RotationOrder: 4
    m_BlendInCurveMode: 0
    m_BlendOutCurveMode: 0
    m_ExposedParameterNames: []
    m_AnimationCurves: {fileID: 0}
    m_Recordable: 0
    m_PostExtrapolationMode: 0
    m_PreExtrapolationMode: 0
    m_PostExtrapolationTime: 0
    m_PreExtrapolationTime: 0
    m_DisplayName: "Bagun\xE7a II"
  m_Markers:
    m_Objects:
    - {fileID: -2002266385492980440}
    - {fileID: 4330723733998365606}
--- !u!114 &-6293508758449181688
MonoBehaviour:
  m_ObjectHideFlags: 1
  m_CorrespondingSourceObject: {fileID: 0}
  m_PrefabInstance: {fileID: 0}
  m_PrefabAsset: {fileID: 0}
  m_GameObject: {fileID: 0}
  m_Enabled: 1
  m_EditorHideFlags: 0
  m_Script: {fileID: 11500000, guid: fde0d25a170598d46a0b9dc16b4527a5, type: 3}
  m_Name: ActivationPlayableAsset
  m_EditorClassIdentifier: 
--- !u!114 &-4481650358716062977
MonoBehaviour:
  m_ObjectHideFlags: 1
  m_CorrespondingSourceObject: {fileID: 0}
  m_PrefabInstance: {fileID: 0}
  m_PrefabAsset: {fileID: 0}
  m_GameObject: {fileID: 0}
  m_Enabled: 1
  m_EditorHideFlags: 0
  m_Script: {fileID: 11500000, guid: 90fb794a295e73545af71bcdb7375791, type: 3}
  m_Name: CinemachineShot
  m_EditorClassIdentifier: 
  VirtualCamera:
    exposedName: 4ccabb38657fd1344a318fc7966a4da4
    defaultValue: {fileID: 0}
--- !u!114 &-3725974891800607428
MonoBehaviour:
  m_ObjectHideFlags: 1
  m_CorrespondingSourceObject: {fileID: 0}
  m_PrefabInstance: {fileID: 0}
  m_PrefabAsset: {fileID: 0}
  m_GameObject: {fileID: 0}
  m_Enabled: 1
  m_EditorHideFlags: 0
  m_Script: {fileID: 11500000, guid: 90fb794a295e73545af71bcdb7375791, type: 3}
  m_Name: CinemachineShot
  m_EditorClassIdentifier: 
  VirtualCamera:
    exposedName: 4c2f39faa3b0f5f4793d0c29d970bf8e
    defaultValue: {fileID: 0}
--- !u!114 &-2752660221335275269
MonoBehaviour:
  m_ObjectHideFlags: 1
  m_CorrespondingSourceObject: {fileID: 0}
  m_PrefabInstance: {fileID: 0}
  m_PrefabAsset: {fileID: 0}
  m_GameObject: {fileID: 0}
  m_Enabled: 1
  m_EditorHideFlags: 0
  m_Script: {fileID: 11500000, guid: d21dcc2386d650c4597f3633c75a1f98, type: 3}
  m_Name: Animation Track
  m_EditorClassIdentifier: 
  m_Version: 3
  m_AnimClip: {fileID: 0}
  m_Locked: 0
  m_Muted: 0
  m_CustomPlayableFullTypename: 
  m_Curves: {fileID: 0}
  m_Parent: {fileID: 11400000}
  m_Children: []
  m_Clips:
  - m_Version: 1
    m_Start: 0
    m_ClipIn: 0
    m_Asset: {fileID: 1386641945008710045}
    m_Duration: 8.516666666666655
    m_TimeScale: 1
    m_ParentTrack: {fileID: -2752660221335275269}
    m_EaseInDuration: 0
    m_EaseOutDuration: 0
    m_BlendInDuration: -1
    m_BlendOutDuration: -1
    m_MixInCurve:
      serializedVersion: 2
      m_Curve:
      - serializedVersion: 3
        time: 0
        value: 0
        inSlope: 0
        outSlope: 0
        tangentMode: 0
        weightedMode: 0
        inWeight: 0
        outWeight: 0
      - serializedVersion: 3
        time: 1
        value: 1
        inSlope: 0
        outSlope: 0
        tangentMode: 0
        weightedMode: 0
        inWeight: 0
        outWeight: 0
      m_PreInfinity: 2
      m_PostInfinity: 2
      m_RotationOrder: 4
    m_MixOutCurve:
      serializedVersion: 2
      m_Curve: []
      m_PreInfinity: 2
      m_PostInfinity: 2
      m_RotationOrder: 4
    m_BlendInCurveMode: 0
    m_BlendOutCurveMode: 0
    m_ExposedParameterNames: []
    m_AnimationCurves: {fileID: 0}
    m_Recordable: 0
    m_PostExtrapolationMode: 1
    m_PreExtrapolationMode: 1
    m_PostExtrapolationTime: Infinity
    m_PreExtrapolationTime: 0
    m_DisplayName: Olhando com Mochila
  m_Markers:
    m_Objects: []
  m_InfiniteClipPreExtrapolation: 0
  m_InfiniteClipPostExtrapolation: 0
  m_InfiniteClipOffsetPosition: {x: 0, y: 0, z: 0}
  m_InfiniteClipOffsetEulerAngles: {x: 0, y: 0, z: 0}
  m_InfiniteClipTimeOffset: 0
  m_InfiniteClipRemoveOffset: 0
  m_InfiniteClipApplyFootIK: 1
  mInfiniteClipLoop: 0
  m_MatchTargetFields: 63
  m_Position: {x: 0, y: 0, z: 0}
  m_EulerAngles: {x: 0, y: 0, z: 0}
  m_AvatarMask: {fileID: 0}
  m_ApplyAvatarMask: 1
  m_TrackOffset: 0
  m_InfiniteClip: {fileID: 0}
  m_OpenClipOffsetRotation: {x: 0, y: 0, z: 0, w: 1}
  m_Rotation: {x: 0, y: 0, z: 0, w: 1}
  m_ApplyOffsets: 0
--- !u!114 &-2002266385492980440
MonoBehaviour:
  m_ObjectHideFlags: 1
  m_CorrespondingSourceObject: {fileID: 0}
  m_PrefabInstance: {fileID: 0}
  m_PrefabAsset: {fileID: 0}
  m_GameObject: {fileID: 0}
  m_Enabled: 1
  m_EditorHideFlags: 0
  m_Script: {fileID: 11500000, guid: 15c38f6fa1940124db1ab7f6fe7268d1, type: 3}
  m_Name: Signal Emitter
  m_EditorClassIdentifier: 
  m_Time: 8.516666666666655
  m_Retroactive: 0
  m_EmitOnce: 1
  m_Asset: {fileID: 11400000, guid: c660b2f38b035074797290427c49bf0e, type: 2}
--- !u!114 &-1106733762440767261
MonoBehaviour:
  m_ObjectHideFlags: 1
  m_CorrespondingSourceObject: {fileID: 0}
  m_PrefabInstance: {fileID: 0}
  m_PrefabAsset: {fileID: 0}
  m_GameObject: {fileID: 0}
  m_Enabled: 1
  m_EditorHideFlags: 0
  m_Script: {fileID: 11500000, guid: 90fb794a295e73545af71bcdb7375791, type: 3}
  m_Name: CinemachineShot
  m_EditorClassIdentifier: 
  VirtualCamera:
    exposedName: 7e478dee79bc1e34a80ded04bdc4384e
    defaultValue: {fileID: 0}
--- !u!114 &-486466687526740056
MonoBehaviour:
  m_ObjectHideFlags: 1
  m_CorrespondingSourceObject: {fileID: 0}
  m_PrefabInstance: {fileID: 0}
  m_PrefabAsset: {fileID: 0}
  m_GameObject: {fileID: 0}
  m_Enabled: 1
  m_EditorHideFlags: 0
  m_Script: {fileID: 11500000, guid: 8b22792c3b570444eb18cb78c2af3a74, type: 3}
  m_Name: Audio Track
  m_EditorClassIdentifier: 
  m_Version: 3
  m_AnimClip: {fileID: 0}
  m_Locked: 0
  m_Muted: 0
  m_CustomPlayableFullTypename: 
  m_Curves: {fileID: 0}
  m_Parent: {fileID: 11400000}
  m_Children: []
  m_Clips:
  - m_Version: 1
    m_Start: 1.25
    m_ClipIn: 0
    m_Asset: {fileID: 8964454967821476229}
    m_Duration: 4.6625
    m_TimeScale: 1
    m_ParentTrack: {fileID: -486466687526740056}
    m_EaseInDuration: 0
    m_EaseOutDuration: 0
    m_BlendInDuration: -1
    m_BlendOutDuration: -1
    m_MixInCurve:
      serializedVersion: 2
      m_Curve:
      - serializedVersion: 3
        time: 0
        value: 0
        inSlope: 0
        outSlope: 0
        tangentMode: 0
        weightedMode: 0
        inWeight: 0
        outWeight: 0
      - serializedVersion: 3
        time: 1
        value: 1
        inSlope: 0
        outSlope: 0
        tangentMode: 0
        weightedMode: 0
        inWeight: 0
        outWeight: 0
      m_PreInfinity: 2
      m_PostInfinity: 2
      m_RotationOrder: 4
    m_MixOutCurve:
      serializedVersion: 2
      m_Curve: []
      m_PreInfinity: 2
      m_PostInfinity: 2
      m_RotationOrder: 4
    m_BlendInCurveMode: 0
    m_BlendOutCurveMode: 0
    m_ExposedParameterNames: []
    m_AnimationCurves: {fileID: 0}
    m_Recordable: 0
    m_PostExtrapolationMode: 0
    m_PreExtrapolationMode: 0
    m_PostExtrapolationTime: 0
    m_PreExtrapolationTime: 0
    m_DisplayName: pensamentos (cap. 1.4)
  m_Markers:
    m_Objects: []
  m_TrackProperties:
    volume: 1
    stereoPan: 0
    spatialBlend: 0
--- !u!114 &11400000
MonoBehaviour:
  m_ObjectHideFlags: 0
  m_CorrespondingSourceObject: {fileID: 0}
  m_PrefabInstance: {fileID: 0}
  m_PrefabAsset: {fileID: 0}
  m_GameObject: {fileID: 0}
  m_Enabled: 1
  m_EditorHideFlags: 0
  m_Script: {fileID: 11500000, guid: bfda56da833e2384a9677cd3c976a436, type: 3}
  m_Name: CenaFinal
  m_EditorClassIdentifier: 
  m_Version: 0
  m_Tracks:
  - {fileID: -8081841152722285272}
  - {fileID: -2752660221335275269}
  - {fileID: 7786009758520715033}
  - {fileID: -486466687526740056}
  m_FixedDuration: 0
  m_EditorSettings:
    m_Framerate: 60
  m_DurationMode: 0
  m_MarkerTrack: {fileID: 999393839679339271}
--- !u!114 &999393839679339271
MonoBehaviour:
  m_ObjectHideFlags: 1
  m_CorrespondingSourceObject: {fileID: 0}
  m_PrefabInstance: {fileID: 0}
  m_PrefabAsset: {fileID: 0}
  m_GameObject: {fileID: 0}
  m_Enabled: 1
  m_EditorHideFlags: 0
  m_Script: {fileID: 11500000, guid: 2a16748d9461eae46a725db9776d5390, type: 3}
  m_Name: Markers
  m_EditorClassIdentifier: 
  m_Version: 3
  m_AnimClip: {fileID: 0}
  m_Locked: 0
  m_Muted: 0
  m_CustomPlayableFullTypename: 
  m_Curves: {fileID: 0}
  m_Parent: {fileID: 11400000}
  m_Children: []
  m_Clips: []
  m_Markers:
    m_Objects: []
--- !u!114 &1386641945008710045
MonoBehaviour:
  m_ObjectHideFlags: 1
  m_CorrespondingSourceObject: {fileID: 0}
  m_PrefabInstance: {fileID: 0}
  m_PrefabAsset: {fileID: 0}
  m_GameObject: {fileID: 0}
  m_Enabled: 1
  m_EditorHideFlags: 0
  m_Script: {fileID: 11500000, guid: 030f85c3f73729f4f976f66ffb23b875, type: 3}
  m_Name: AnimationPlayableAsset
  m_EditorClassIdentifier: 
  m_Clip: {fileID: 1827226128182048838, guid: 73fa4e589cfaae7418c1240fe1980b0d, type: 3}
  m_Position: {x: -2.419914, y: 0, z: 0.4029636}
  m_EulerAngles: {x: 0, y: 22.481, z: 0}
  m_UseTrackMatchFields: 1
  m_MatchTargetFields: 63
  m_RemoveStartOffset: 1
  m_ApplyFootIK: 1
  m_Loop: 0
  m_Version: 1
  m_Rotation: {x: 0, y: 0, z: 0, w: 1}
--- !u!114 &4330723733998365606
MonoBehaviour:
  m_ObjectHideFlags: 1
  m_CorrespondingSourceObject: {fileID: 0}
  m_PrefabInstance: {fileID: 0}
  m_PrefabAsset: {fileID: 0}
  m_GameObject: {fileID: 0}
  m_Enabled: 1
  m_EditorHideFlags: 0
  m_Script: {fileID: 11500000, guid: 15c38f6fa1940124db1ab7f6fe7268d1, type: 3}
  m_Name: Signal Emitter
  m_EditorClassIdentifier: 
  m_Time: 2.033333333333333
  m_Retroactive: 0
  m_EmitOnce: 0
  m_Asset: {fileID: 11400000, guid: a15e20862362fb44993d3a092d43a288, type: 2}
--- !u!114 &6749573710111684967
MonoBehaviour:
  m_ObjectHideFlags: 1
  m_CorrespondingSourceObject: {fileID: 0}
  m_PrefabInstance: {fileID: 0}
  m_PrefabAsset: {fileID: 0}
  m_GameObject: {fileID: 0}
  m_Enabled: 1
  m_EditorHideFlags: 0
  m_Script: {fileID: 11500000, guid: 90fb794a295e73545af71bcdb7375791, type: 3}
  m_Name: CinemachineShot
  m_EditorClassIdentifier: 
  VirtualCamera:
    exposedName: 6666e972fb9cad541b8c665d53590f6b
    defaultValue: {fileID: 0}
--- !u!114 &7786009758520715033
MonoBehaviour:
  m_ObjectHideFlags: 1
  m_CorrespondingSourceObject: {fileID: 0}
  m_PrefabInstance: {fileID: 0}
  m_PrefabAsset: {fileID: 0}
  m_GameObject: {fileID: 0}
  m_Enabled: 1
  m_EditorHideFlags: 0
  m_Script: {fileID: 11500000, guid: 21bf7f712d84d26478ebe6a299f21738, type: 3}
  m_Name: Activation Track
  m_EditorClassIdentifier: 
  m_Version: 3
  m_AnimClip: {fileID: 0}
  m_Locked: 0
  m_Muted: 0
  m_CustomPlayableFullTypename: 
  m_Curves: {fileID: 0}
  m_Parent: {fileID: 11400000}
  m_Children: []
  m_Clips:
  - m_Version: 1
    m_Start: 5.9125
    m_ClipIn: 0
    m_Asset: {fileID: -6293508758449181688}
    m_Duration: 2.6041666666666554
    m_TimeScale: 1
    m_ParentTrack: {fileID: 7786009758520715033}
    m_EaseInDuration: 0
    m_EaseOutDuration: 0
    m_BlendInDuration: 0
    m_BlendOutDuration: 0
    m_MixInCurve:
      serializedVersion: 2
      m_Curve:
      - serializedVersion: 3
        time: 0
        value: 0
        inSlope: 0
        outSlope: 0
        tangentMode: 0
        weightedMode: 0
        inWeight: 0
        outWeight: 0
      - serializedVersion: 3
        time: 1
        value: 1
        inSlope: 0
        outSlope: 0
        tangentMode: 0
        weightedMode: 0
        inWeight: 0
        outWeight: 0
      m_PreInfinity: 2
      m_PostInfinity: 2
      m_RotationOrder: 4
    m_MixOutCurve:
      serializedVersion: 2
      m_Curve:
      - serializedVersion: 3
        time: 0
        value: 1
        inSlope: 0
        outSlope: 0
        tangentMode: 0
        weightedMode: 0
        inWeight: 0
        outWeight: 0
      - serializedVersion: 3
        time: 1
        value: 0
        inSlope: 0
        outSlope: 0
        tangentMode: 0
        weightedMode: 0
        inWeight: 0
        outWeight: 0
      m_PreInfinity: 2
      m_PostInfinity: 2
      m_RotationOrder: 4
    m_BlendInCurveMode: 0
    m_BlendOutCurveMode: 0
    m_ExposedParameterNames: []
    m_AnimationCurves: {fileID: 0}
    m_Recordable: 0
    m_PostExtrapolationMode: 0
    m_PreExtrapolationMode: 0
    m_PostExtrapolationTime: 0
    m_PreExtrapolationTime: 0
    m_DisplayName: Active
  m_Markers:
    m_Objects: []
  m_PostPlaybackState: 0
--- !u!114 &8964454967821476229
MonoBehaviour:
  m_ObjectHideFlags: 1
  m_CorrespondingSourceObject: {fileID: 0}
  m_PrefabInstance: {fileID: 0}
  m_PrefabAsset: {fileID: 0}
  m_GameObject: {fileID: 0}
  m_Enabled: 1
  m_EditorHideFlags: 0
  m_Script: {fileID: 11500000, guid: 4f10dd60657c6004587f237a7e90f8e4, type: 3}
  m_Name: AudioPlayableAsset
  m_EditorClassIdentifier: 
  m_Clip: {fileID: 8300000, guid: 48469f9678d48ff4aade2ea469c4fc47, type: 3}
  m_Loop: 0
  m_bufferingTime: 0.1
  m_ClipProperties:
    volume: 0.8
